@article{rellermeyer2007services,
  title={{Services everywhere: Osgi in distributed environments}},
  author={Rellermeyer, J.S. and Alonso, G.},
  journal={EclipseCon 2007},
  year={2007},
  publisher={Citeseer}
}
@article{marples2001open,
  title={{The open services gateway initiative: An introductory overview}},
  author={Marples, D. and Kriens, P.},
  journal={Communications Magazine, IEEE},
  volume={39},
  number={12},
  pages={110--114},
  issn={0163-6804},
  year={2001},
  publisher={IEEE}
}
